@article{bommasani2021opportunities,
  title         = {On the opportunities and risks of foundation models},
  author        = {Bommasani, Rishi and Hudson, Drew A and Adeli, Ehsan and Altman, Russ and Arora, Simran and von Arx, Sydney and Bernstein, Michael S and Bohg, Jeannette and Bosselut, Antoine and Brunskill, Emma and others},
  journal       = {arXiv preprint arXiv:2108.07258},
  year          = {2021}
}
@article{yu2022coca,
  title         = {Coca: Contrastive captioners are image-text foundation models},
  author        = {Yu, Jiahui and Wang, Zirui and Vasudevan, Vijay and Yeung, Legg and Seyedhosseini, Mojtaba and Wu, Yonghui},
  journal       = {arXiv preprint arXiv:2205.01917},
  year          = {2022}
}
@article{vaswani2017attention,
  title         = {Attention is all you need},
  author        = {Vaswani, Ashish and Shazeer, Noam and Parmar, Niki and Uszkoreit, Jakob and Jones, Llion and Gomez, Aidan N and Kaiser, {\L}ukasz and Polosukhin, Illia},
  journal       = {Advances in neural information processing systems},
  volume        = {30},
  year          = {2017}
}
@article{devlin2018bert,
  title         = {Bert: Pre-training of deep bidirectional transformers for language understanding},
  author        = {Devlin, Jacob and Chang, Ming-Wei and Lee, Kenton and Toutanova, Kristina},
  journal       = {arXiv preprint arXiv:1810.04805},
  year          = {2018}
}
@article{brown2020language,
  title         = {Language models are few-shot learners},
  author        = {Brown, Tom and Mann, Benjamin and Ryder, Nick and Subbiah, Melanie and Kaplan, Jared D and Dhariwal, Prafulla and Neelakantan, Arvind and Shyam, Pranav and Sastry, Girish and Askell, Amanda and others},
  journal       = {Advances in neural information processing systems},
  volume        = {33},
  pages         = {1877--1901},
  year          = {2020}
}
@article{koubaa2023gpt,
  title         = {GPT-4 vs. GPT-3.5: A concise showdown},
  author        = {Koubaa, Anis},
  year          = {2023},
  publisher     = {Preprints}
}
@article{hu2021lora,
  title         = {Lora: Low-rank adaptation of large language models},
  author        = {Hu, Edward J and Shen, Yelong and Wallis, Phillip and Allen-Zhu, Zeyuan and Li, Yuanzhi and Wang, Shean and Wang, Lu and Chen, Weizhu},
  journal       = {arXiv preprint arXiv:2106.09685},
  year          = {2021}
}
@article{zhang2023llama,
  title         = {Llama-adapter: Efficient fine-tuning of language models with zero-init attention},
  author        = {Zhang, Renrui and Han, Jiaming and Zhou, Aojun and Hu, Xiangfei and Yan, Shilin and Lu, Pan and Li, Hongsheng and Gao, Peng and Qiao, Yu},
  journal       = {arXiv preprint arXiv:2303.16199},
  year          = {2023}
}
@article{touvron2023llama,
  title         = {Llama 2: Open foundation and fine-tuned chat models},
  author        = {Touvron, Hugo and Martin, Louis and Stone, Kevin and Albert, Peter and Almahairi, Amjad and Babaei, Yasmine and Bashlykov, Nikolay and Batra, Soumya and Bhargava, Prajjwal and Bhosale, Shruti and others},
  journal       = {arXiv preprint arXiv:2307.09288},
  year          = {2023}
}
@article{kirillov2023segment,
  title         = {Segment anything},
  author        = {Kirillov, Alexander and Mintun, Eric and Ravi, Nikhila and Mao, Hanzi and Rolland, Chloe and Gustafson, Laura and Xiao, Tete and Whitehead, Spencer and Berg, Alexander C and Lo, Wan-Yen and others},
  journal       = {arXiv preprint arXiv:2304.02643},
  year          = {2023}
}
@article{wu2023medical,
  title         = {Medical sam adapter: Adapting segment anything model for medical image segmentation},
  author        = {Wu, Junde and Fu, Rao and Fang, Huihui and Liu, Yuanpei and Wang, Zhaowei and Xu, Yanwu and Jin, Yueming and Arbel, Tal},
  journal       = {arXiv preprint arXiv:2304.12620},
  year          = {2023}
}
@article{chen2023sam,
  title         = {SAM Fails to Segment Anything?--SAM-Adapter: Adapting SAM in Underperformed Scenes: Camouflage, Shadow, and More},
  author        = {Chen, Tianrun and Zhu, Lanyun and Ding, Chaotao and Cao, Runlong and Zhang, Shangzhan and Wang, Yan and Li, Zejian and Sun, Lingyun and Mao, Papa and Zang, Ying},
  journal       = {arXiv preprint arXiv:2304.09148},
  year          = {2023}
}
@article{ma2023segment,
  title         = {Segment anything in medical images},
  author        = {Ma, Jun and Wang, Bo},
  journal       = {arXiv preprint arXiv:2304.12306},
  year          = {2023}
}
@inproceedings{sharma2022mani,
  title         = {Mani: Maximizing mutual information for nuclei cross-domain unsupervised segmentation},
  author        = {Sharma, Yash and Syed, Sana and Brown, Donald E},
  booktitle     = {International Conference on Medical Image Computing and Computer-Assisted Intervention},
  pages         = {345--355},
  year          = {2022},
  organization  = {Springer}
}
@inproceedings{yang2021minimizing,
  title         = {Minimizing labeling cost for nuclei instance segmentation and classification with cross-domain images and weak labels},
  author        = {Yang, Siqi and Zhang, Jun and Huang, Junzhou and Lovell, Brian C and Han, Xiao},
  booktitle     = {Proceedings of the AAAI Conference on Artificial Intelligence},
  volume        = {35},
  number        = {1},
  pages         = {697--705},
  year          = {2021}
}
@article{xu2017large,
  title         = {Large scale tissue histopathology image classification, segmentation, and visualization via deep convolutional activation features},
  author        = {Xu, Yan and Jia, Zhipeng and Wang, Liang-Bo and Ai, Yuqing and Zhang, Fang and Lai, Maode and Chang, Eric I-Chao},
  journal       = {BMC bioinformatics},
  volume        = {18},
  pages         = {1--17},
  year          = {2017},
  publisher     = {Springer}
}
@article{mahmood2019deep,
  title         = {Deep adversarial training for multi-organ nuclei segmentation in histopathology images},
  author        = {Mahmood, Faisal and Borders, Daniel and Chen, Richard J and McKay, Gregory N and Salimian, Kevan J and Baras, Alexander and Durr, Nicholas J},
  journal       = {IEEE transactions on medical imaging},
  volume        = {39},
  number        = {11},
  pages         = {3257--3267},
  year          = {2019},
  publisher     = {IEEE}
}
% related works
@inproceedings{ronneberger2015u,
  title         = {U-net: Convolutional networks for biomedical image segmentation},
  author        = {Ronneberger, Olaf and Fischer, Philipp and Brox, Thomas},
  booktitle     = {Medical Image Computing and Computer-Assisted Intervention--MICCAI 2015: 18th International Conference, Munich, Germany, October 5-9, 2015, Proceedings, Part III 18},
  pages         = {234--241},
  year          = {2015},
  organization  = {Springer}
}
@inproceedings{he2017mask,
  title         = {Mask r-cnn},
  author        = {He, Kaiming and Gkioxari, Georgia and Doll{\'a}r, Piotr and Girshick, Ross},
  booktitle     = {Proceedings of the IEEE international conference on computer vision},
  pages         = {2961--2969},
  year          = {2017}
}
@inproceedings{long2015fully,
  title         = {Fully convolutional networks for semantic segmentation},
  author        = {Long, Jonathan and Shelhamer, Evan and Darrell, Trevor},
  booktitle     = {Proceedings of the IEEE conference on computer vision and pattern recognition},
  pages         = {3431--3440},
  year          = {2015}
}
@inproceedings{haq2022self,
  title         = {Self-supervised pre-training for nuclei segmentation},
  author        = {Haq, Mohammad Minhazul and Huang, Junzhou},
  booktitle     = {International Conference on Medical Image Computing and Computer-Assisted Intervention},
  pages         = {303--313},
  year          = {2022},
  organization  = {Springer}
}
@article{lee2022cellseg,
  title         = {CellSeg: a robust, pre-trained nucleus segmentation and pixel quantification software for highly multiplexed fluorescence images},
  author        = {Lee, Michael Y and Bedia, Jacob S and Bhate, Salil S and Barlow, Graham L and Phillips, Darci and Fantl, Wendy J and Nolan, Garry P and Sch{\"u}rch, Christian M},
  journal       = {BMC bioinformatics},
  volume        = {23},
  number        = {1},
  pages         = {46},
  year          = {2022},
  publisher     = {Springer}
}
@inproceedings{he2016deep,
  title         = {Deep residual learning for image recognition},
  author        = {He, Kaiming and Zhang, Xiangyu and Ren, Shaoqing and Sun, Jian},
  booktitle     = {Proceedings of the IEEE conference on computer vision and pattern recognition},
  pages         = {770--778},
  year          = {2016}
}
@article{simonyan2014very,
  title         = {Very deep convolutional networks for large-scale image recognition},
  author        = {Simonyan, Karen and Zisserman, Andrew},
  journal       = {arXiv preprint arXiv:1409.1556},
  year          = {2014}
}
@article{dosovitskiy2020image,
  title         = {An image is worth 16x16 words: Transformers for image recognition at scale},
  author        = {Dosovitskiy, Alexey and Beyer, Lucas and Kolesnikov, Alexander and Weissenborn, Dirk and Zhai, Xiaohua and Unterthiner, Thomas and Dehghani, Mostafa and Minderer, Matthias and Heigold, Georg and Gelly, Sylvain and others},
  journal       = {arXiv preprint arXiv:2010.11929},
  year          = {2020}
}
@inproceedings{deng2009imagenet,
  title         = {Imagenet: A large-scale hierarchical image database},
  author        = {Deng, Jia and Dong, Wei and Socher, Richard and Li, Li-Jia and Li, Kai and Fei-Fei, Li},
  booktitle     = {2009 IEEE conference on computer vision and pattern recognition},
  pages         = {248--255},
  year          = {2009},
  organization  = {Ieee}
}
@inproceedings{he2022masked,
  title         = {Masked autoencoders are scalable vision learners},
  author        = {He, Kaiming and Chen, Xinlei and Xie, Saining and Li, Yanghao and Doll{\'a}r, Piotr and Girshick, Ross},
  booktitle     = {Proceedings of the IEEE/CVF conference on computer vision and pattern recognition},
  pages         = {16000--16009},
  year          = {2022}
}
@article{kumar2017dataset,
  title         = {A dataset and a technique for generalized nuclear segmentation for computational pathology},
  author        = {Kumar, Neeraj and Verma, Ruchika and Sharma, Sanuj and Bhargava, Surabhi and Vahadane, Abhishek and Sethi, Amit},
  journal       = {IEEE transactions on medical imaging},
  volume        = {36},
  number        = {7},
  pages         = {1550--1560},
  year          = {2017},
  publisher     = {IEEE}
}
@article{sirinukunwattana2017gland,
  title         = {Gland segmentation in colon histology images: The glas challenge contest},
  author        = {Sirinukunwattana, Korsuk and Pluim, Josien PW and Chen, Hao and Qi, Xiaojuan and Heng, Pheng-Ann and Guo, Yun Bo and Wang, Li Yang and Matuszewski, Bogdan J and Bruni, Elia and Sanchez, Urko and others},
  journal       = {Medical image analysis},
  volume        = {35},
  pages         = {489--502},
  year          = {2017},
  publisher     = {Elsevier}
}
@article{caicedo2019nucleus,
  title         = {Nucleus segmentation across imaging experiments: the 2018 Data Science Bowl},
  author        = {Caicedo, Juan C and Goodman, Allen and Karhohs, Kyle W and Cimini, Beth A and Ackerman, Jeanelle and Haghighi, Marzieh and Heng, CherKeng and Becker, Tim and Doan, Minh and McQuin, Claire and others},
  journal       = {Nature methods},
  volume        = {16},
  number        = {12},
  pages         = {1247--1253},
  year          = {2019},
  publisher     = {Nature Publishing Group US New York}
}
@inproceedings{wang2022uctransnet,
  title         = {Uctransnet: rethinking the skip connections in u-net from a channel-wise perspective with transformer},
  author        = {Wang, Haonan and Cao, Peng and Wang, Jiaqi and Zaiane, Osmar R},
  booktitle     = {Proceedings of the AAAI conference on artificial intelligence},
  volume        = {36},
  number        = {3},
  pages         = {2441--2449},
  year          = {2022}
}
@inproceedings{jha2020doubleu,
  title         = {Doubleu-net: A deep convolutional neural network for medical image segmentation},
  author        = {Jha, Debesh and Riegler, Michael A and Johansen, Dag and Halvorsen, P{\aa}l and Johansen, H{\aa}vard D},
  booktitle     = {2020 IEEE 33rd International symposium on computer-based medical systems (CBMS)},
  pages         = {558--564},
  year          = {2020},
  organization  = {IEEE}
}
@inproceedings{valanarasu2021medical,
  title         = {Medical transformer: Gated axial-attention for medical image segmentation},
  author        = {Valanarasu, Jeya Maria Jose and Oza, Poojan and Hacihaliloglu, Ilker and Patel, Vishal M},
  booktitle     = {Medical Image Computing and Computer Assisted Intervention--MICCAI 2021: 24th International Conference, Strasbourg, France, September 27--October 1, 2021, Proceedings, Part I 24},
  pages         = {36--46},
  year          = {2021},
  organization  = {Springer}
}
@inproceedings{wazir2022histoseg,
  title         = {HistoSeg: Quick attention with multi-loss function for multi-structure segmentation in digital histology images},
  author        = {Wazir, Saad and Fraz, Muhammad Moazam},
  booktitle     = {2022 12th International Conference on Pattern Recognition Systems (ICPRS)},
  pages         = {1--7},
  year          = {2022},
  organization  = {IEEE}
}
@article{tang2022duat,
  title         = {DuAT: Dual-aggregation transformer network for medical image segmentation},
  author        = {Tang, Feilong and Huang, Qiming and Wang, Jinfeng and Hou, Xianxu and Su, Jionglong and Liu, Jingxin},
  journal       = {arXiv preprint arXiv:2212.11677},
  year          = {2022}
}
@inproceedings{wang2022stepwise,
  title         = {Stepwise feature fusion: Local guides global},
  author        = {Wang, Jinfeng and Huang, Qiming and Tang, Feilong and Meng, Jia and Su, Jionglong and Song, Sifan},
  booktitle     = {International Conference on Medical Image Computing and Computer-Assisted Intervention},
  pages         = {110--120},
  year          = {2022},
  organization  = {Springer}
}
@article{srivastava2021msrf,
  title         = {MSRF-Net: a multi-scale residual fusion network for biomedical image segmentation},
  author        = {Srivastava, Abhishek and Jha, Debesh and Chanda, Sukalpa and Pal, Umapada and Johansen, H{\aa}vard D and Johansen, Dag and Riegler, Michael A and Ali, Sharib and Halvorsen, P{\aa}l},
  journal       = {IEEE Journal of Biomedical and Health Informatics},
  volume        = {26},
  number        = {5},
  pages         = {2252--2263},
  year          = {2021},
  publisher     = {IEEE}
}
@article{tomar2022fanet,
  title         = {Fanet: A feedback attention network for improved biomedical image segmentation},
  author        = {Tomar, Nikhil Kumar and Jha, Debesh and Riegler, Michael A and Johansen, H{\aa}vard D and Johansen, Dag and Rittscher, Jens and Halvorsen, P{\aa}l and Ali, Sharib},
  journal       = {IEEE Transactions on Neural Networks and Learning Systems},
  year          = {2022},
  publisher     = {IEEE}
}
@article{pan2023masked,
  title         = {Masked Diffusion as Self-supervised Representation Learner},
  author        = {Pan, Zixuan and Chen, Jianxu and Shi, Yiyu},
  journal       = {arXiv preprint arXiv:2308.05695},
  year          = {2023}
}
@article{deng2023segment,
  title         = {Segment anything model (sam) for digital pathology: Assess zero-shot segmentation on whole slide imaging},
  author        = {Deng, Ruining and Cui, Can and Liu, Quan and Yao, Tianyuan and Remedios, Lucas W and Bao, Shunxing and Landman, Bennett A and Wheless, Lee E and Coburn, Lori A and Wilson, Keith T and others},
  journal       = {arXiv preprint arXiv:2304.04155},
  year          = {2023}
}
@article{he2023accuracy,
  title         = {Accuracy of segment-anything model (sam) in medical image segmentation tasks},
  author        = {He, Sheng and Bao, Rina and Li, Jingpeng and Grant, P Ellen and Ou, Yangming},
  journal       = {arXiv preprint arXiv:2304.09324},
  year          = {2023}
}
@article{roy2023sam,
  title         = {Sam. md: Zero-shot medical image segmentation capabilities of the segment anything model},
  author        = {Roy, Saikat and Wald, Tassilo and Koehler, Gregor and Rokuss, Maximilian R and Disch, Nico and Holzschuh, Julius and Zimmerer, David and Maier-Hein, Klaus H},
  journal       = {arXiv preprint arXiv:2304.05396},
  year          = {2023}
}
@article{tang2023can,
  title         = {Can sam segment anything? when sam meets camouflaged object detection},
  author        = {Tang, Lv and Xiao, Haoke and Li, Bo},
  journal       = {arXiv preprint arXiv:2304.04709},
  year          = {2023}
}
@article{huang2023segment,
  title         = {Segment anything model for medical images?},
  author        = {Huang, Yuhao and Yang, Xin and Liu, Lian and Zhou, Han and Chang, Ao and Zhou, Xinrui and Chen, Rusi and Yu, Junxuan and Chen, Jiongquan and Chen, Chaoyu and others},
  journal       = {arXiv preprint arXiv:2304.14660},
  year          = {2023}
}
@article{ji2023sam,
  title         = {SAM Struggles in Concealed Scenes--Empirical Study on" Segment Anything"},
  author        = {Ji, Ge-Peng and Fan, Deng-Ping and Xu, Peng and Cheng, Ming-Ming and Zhou, Bowen and Van Gool, Luc},
  journal       = {arXiv preprint arXiv:2304.06022},
  year          = {2023}
}
@article{lee2023benefits,
  title         = {Benefits, limits, and risks of GPT-4 as an AI chatbot for medicine},
  author        = {Lee, Peter and Bubeck, Sebastien and Petro, Joseph},
  journal       = {New England Journal of Medicine},
  volume        = {388},
  number        = {13},
  pages         = {1233--1239},
  year          = {2023},
  publisher     = {Mass Medical Soc}
}
@article{nori2023capabilities,
  title         = {Capabilities of gpt-4 on medical challenge problems},
  author        = {Nori, Harsha and King, Nicholas and McKinney, Scott Mayer and Carignan, Dean and Horvitz, Eric},
  journal       = {arXiv preprint arXiv:2303.13375},
  year          = {2023}
}
@article{raffel2020exploring,
  title         = {Exploring the limits of transfer learning with a unified text-to-text transformer},
  author        = {Raffel, Colin and Shazeer, Noam and Roberts, Adam and Lee, Katherine and Narang, Sharan and Matena, Michael and Zhou, Yanqi and Li, Wei and Liu, Peter J},
  journal       = {The Journal of Machine Learning Research},
  volume        = {21},
  number        = {1},
  pages         = {5485--5551},
  year          = {2020},
  publisher     = {JMLRORG}
}
@article{good1952rational,
  title         = {Rational decisions},
  author        = {Good, Irving John},
  journal       = {Journal of the Royal Statistical Society: Series B (Methodological)},
  volume        = {14},
  number        = {1},
  pages         = {107--114},
  year          = {1952},
  publisher     = {Wiley Online Library}
}
@inproceedings{lin2017focal,
  title         = {Focal loss for dense object detection},
  author        = {Lin, Tsung-Yi and Goyal, Priya and Girshick, Ross and He, Kaiming and Doll{\'a}r, Piotr},
  booktitle     = {Proceedings of the IEEE international conference on computer vision},
  pages         = {2980--2988},
  year          = {2017}
}
@inproceedings{milletari2016v,
  title         = {V-net: Fully convolutional neural networks for volumetric medical image segmentation},
  author        = {Milletari, Fausto and Navab, Nassir and Ahmadi, Seyed-Ahmad},
  booktitle     = {2016 fourth international conference on 3D vision (3DV)},
  pages         = {565--571},
  year          = {2016},
  organization  = {Ieee}
}
@inproceedings{gamper2019pannuke,
  title         = {PanNuke: an open pan-cancer histology dataset for nuclei instance segmentation and classification},
  author        = {Gamper, Jevgenij and Koohbanani, Navid Alemi and Benet, Ksenija and Khuram, Ali and Rajpoot, Nasir},
  booktitle     = {European Congress on Digital Pathology},
  pages         = {11--19},
  year          = {2019},
  organization  = {Springer}
}
@article{gamper2020pannuke,
  title         = {PanNuke Dataset Extension, Insights and Baselines},
  author        = {Gamper, Jevgenij and Koohbanani, Navid Alemi and Graham, Simon and Jahanifar, Mostafa and Khurram, Syed Ali and Azam, Ayesha and Hewitt, Katherine and Rajpoot, Nasir},
  journal       = {arXiv preprint arXiv:2003.10778},
  year          = {2020}
}
@inproceedings{schmidt2018,
  author        = {Uwe Schmidt and Martin Weigert and Coleman Broaddus and Gene Myers},
  title         = {Cell Detection with Star-Convex Polygons},
  booktitle     = {Medical Image Computing and Computer Assisted Intervention - {MICCAI} 2018 - 21st International Conference, Granada, Spain, September 16-20, 2018, Proceedings, Part {II}},
  pages         = {265--273},
  year          = {2018},
  doi           = {10.1007/978-3-030-00934-2\_30}
}
@inproceedings{weigert2020,
  author        = {Martin Weigert and Uwe Schmidt and Robert Haase and Ko Sugawara and Gene Myers},
  title         = {Star-convex Polyhedra for 3D Object Detection and Segmentation in Microscopy},
  booktitle     = {The IEEE Winter Conference on Applications of Computer Vision (WACV)},
  month         = {March},
  year          = {2020},
  doi           = {10.1109/WACV45572.2020.9093435}
}
@article{Graham2019Dec,
  author        = {Graham, Simon and Vu, Quoc Dang and Raza, Shan E. Ahmed and Azam, Ayesha and Tsang, Yee Wah and Kwak, Jin Tae and Rajpoot, Nasir},
  title         = {{Hover-Net: Simultaneous segmentation and classification of nuclei in multi-tissue histology images}},
  journal       = {Med. Image Anal.},
  volume        = {58},
  pages         = {101563},
  year          = {2019},
  month         = dec,
  issn          = {1361-8415},
  publisher     = {Elsevier},
  doi           = {10.1016/j.media.2019.101563}
}
@article{Chen2023Jan,
  author        = {Chen, Shengcong and Ding, Changxing and Liu, Minfeng and Cheng, Jun and Tao, Dacheng},
  title         = {{CPP-Net: Context-Aware Polygon Proposal Network for Nucleus Segmentation}},
  journal       = {IEEE Trans. Image Process.},
  volume        = {32},
  pages         = {980--994},
  year          = {2023},
  month         = jan,
  publisher     = {IEEE},
  doi           = {10.1109/TIP.2023.3237013}
}
@article{Yao2023Jun,
  author        = {Yao, Kai and Huang, Kaizhu and Sun, Jie and Hussain, Amir},
  title         = {{PointNu-Net: Keypoint-Assisted Convolutional Neural Network for Simultaneous Multi-Tissue Histology Nuclei Segmentation and Classification}},
  journal       = {IEEE Trans. Emerging Top. Comput. Intell.},
  volume        = {8},
  number        = {1},
  pages         = {802--813},
  year          = {2023},
  month         = jun,
  issn          = {2471-285X},
  publisher     = {IEEE},
  doi           = {10.1109/TETCI.2023.3281864}
}
@misc{hörst2023cellvit,
  title         = {CellViT: Vision Transformers for Precise Cell Segmentation and Classification},
  author        = {Fabian H\"{o}rst and Moritz Rempe and Lukas Heine and Constantin Seibold and Julius Keyl and Giulia Baldini and Selma Ugurel and Jens Siveke and Barbara Gr\"{u}nwald and Jan Egger and Jens Kleesiek},
  year          = {2023},
  eprint        = {2306.15350},
  archiveprefix = {arXiv},
  primaryclass  = {eess.IV}
}
@article{Shui2023Nov,
  author        = {Shui, Zhongyi and Zhang, Yunlong and Yao, Kai and Zhu, Chenglu and Zheng, Sunyi and Li, Jingxiong and Li, Honglin and Sun, Yuxuan and Guo, Ruizhe and Yang, Lin},
  title         = {{Unleashing the Power of Prompt-driven Nucleus Instance Segmentation}},
  journal       = {arXiv},
  year          = {2023},
  month         = nov,
  eprint        = {2311.15939},
  doi           = {10.48550/arXiv.2311.15939}
}
@article{MedSAM,
  title         = {Segment Anything in Medical Images},
  author        = {Ma, Jun and He, Yuting and Li, Feifei and Han, Lin and You, Chenyu and Wang, Bo},
  journal       = {Nature Communications},
  volume        = {15},
  pages         = {1--9},
  year          = {2024}
}
