@misc{2006.16236,
  author        = {Angelos Katharopoulos and Apoorv Vyas and Nikolaos Pappas and Fran\c{c}ois Fleuret},
  title         = {Transformers are RNNs: Fast Autoregressive Transformers with Linear Attention},
  year          = {2020},
  eprint        = {arXiv:2006.16236}
}
@misc{2105.14103,
  author        = {Shuangfei Zhai and Walter Talbott and Nitish Srivastava and Chen Huang and Hanlin Goh and Ruixiang Zhang and Josh Susskind},
  title         = {An Attention Free Transformer},
  year          = {2021},
  eprint        = {arXiv:2105.14103}
}
@misc{2305.13048,
  author        = {Bo Peng and Eric Alcaide and Quentin Anthony and Alon Albalak and Samuel Arcadinho and Stella Biderman and Huanqi Cao and Xin Cheng and Michael Chung and Matteo Grella and Kranthi Kiran GV and Xuzheng He and Haowen Hou and Jiaju Lin and Przemyslaw Kazienko and Jan Kocon and Jiaming Kong and Bartlomiej Koptyra and Hayden Lau and Krishna Sri Ipsit Mantri and Ferdinand Mom and Atsushi Saito and Guangyu Song and Xiangru Tang and Bolun Wang and Johan S. Wind and Stanislaw Wozniak and Ruichong Zhang and Zhenyuan Zhang and Qihang Zhao and Peng Zhou and Qinghua Zhou and Jian Zhu and Rui-Jie Zhu},
  title         = {RWKV: Reinventing RNNs for the Transformer Era},
  year          = {2023},
  eprint        = {arXiv:2305.13048}
}
@misc{2111.00396,
  author        = {Albert Gu and Karan Goel and Christopher R\'{e}},
  title         = {Efficiently Modeling Long Sequences with Structured State Spaces},
  year          = {2021},
  eprint        = {arXiv:2111.00396}
}
@misc{2312.00752,
  author        = {Albert Gu and Tri Dao},
  title         = {Mamba: Linear-Time Sequence Modeling with Selective State Spaces},
  year          = {2023},
  eprint        = {arXiv:2312.00752}
}
@misc{pope2022efficiently,
  title         = {Efficiently Scaling Transformer Inference},
  author        = {Reiner Pope and Sholto Douglas and Aakanksha Chowdhery and Jacob Devlin and James Bradbury and Anselm Levskaya and Jonathan Heek and Kefan Xiao and Shivani Agrawal and Jeff Dean},
  year          = {2022},
  eprint        = {2211.05102},
  archiveprefix = {arXiv},
  primaryclass  = {cs.LG}
}
